<collection xmlns="http://www.loc.gov/MARC21/slim">
<record>
  <leader>01608nam0a2200313 i 450 </leader>
  <controlfield tag="001">IT\ICCU\CNCE\007009</controlfield>
  <controlfield tag="005">20050608000000.0</controlfield>
  <datafield tag="012" ind1=" " ind2=" ">
    <subfield code="a">1.is m,do stan &amp;.ni (3) 1541 (R)</subfield>
    <subfield code="2">fei</subfield>
  </datafield>
  <datafield tag="100" ind1=" " ind2=" ">
    <subfield code="a">19970101d1541        0itac0103    ba</subfield>
  </datafield>
  <datafield tag="101" ind1=" " ind2=" ">
    <subfield code="a">LAT</subfield>
  </datafield>
  <datafield tag="102" ind1=" " ind2=" ">
    <subfield code="a">IT</subfield>
  </datafield>
  <datafield tag="200" ind1="1" ind2=" ">
    <subfield code="a">Concordantiae contradictionum in Aristotelis sententiis eiusque commentatoris Auerrois Ioannis Philippi Boni Siculi Placiensis poetae laureati, philosophiae, ac medicinae dctoris equitisque aurati</subfield>
  </datafield>
  <datafield tag="210" ind1=" " ind2=" ">
    <subfield code="a">Venetiis</subfield>
    <subfield code="d">1541</subfield>
    <subfield code="e">Venetiis</subfield>
    <subfield code="g">per Venturinum Ruffinellum</subfield>
    <subfield code="h">mense Augusto 1541</subfield>
  </datafield>
  <datafield tag="215" ind1=" " ind2=" ">
    <subfield code="a">41 c.</subfield>
    <subfield code="d">fol</subfield>
  </datafield>
  <datafield tag="620" ind1=" " ind2=" ">
    <subfield code="a">IT</subfield>
    <subfield code="d">Venezia</subfield>
  </datafield>
  <datafield tag="700" ind1=" " ind2="1">
    <subfield code="a">Bono,</subfield>
    <subfield code="b">Giovanni Filippo</subfield>
    <subfield code="3">IT\ICCU\CNCA\001879</subfield>
  </datafield>
  <datafield tag="712" ind1="0" ind2="0">
    <subfield code="a">Ruffinelli, Venturino</subfield>
    <subfield code="3">IT\ICCU\CNCT\000115</subfield>
    <subfield code="4">650</subfield>
  </datafield>
  <datafield tag="791" ind1="0" ind2="0">
    <subfield code="a">Roffinelli, Venturino</subfield>
    <subfield code="3">IT\ICCU\CNCT\002580</subfield>
    <subfield code="z">Ruffinelli, Venturino</subfield>
  </datafield>
  <datafield tag="791" ind1="0" ind2="0">
    <subfield code="a">Ruffinello, Venturino</subfield>
    <subfield code="3">IT\ICCU\CNCT\005448</subfield>
    <subfield code="z">Ruffinelli, Venturino</subfield>
  </datafield>
  <datafield tag="791" ind1="0" ind2="0">
    <subfield code="a">Ruffinellus, Venturinus</subfield>
    <subfield code="3">IT\ICCU\CNCT\005450</subfield>
    <subfield code="z">Ruffinelli, Venturino</subfield>
  </datafield>
  <datafield tag="791" ind1="0" ind2="0">
    <subfield code="a">Ruffinellis, Venturinus de</subfield>
    <subfield code="3">IT\ICCU\CNCT\005461</subfield>
    <subfield code="z">Ruffinelli, Venturino</subfield>
  </datafield>
  <datafield tag="791" ind1="0" ind2="0">
    <subfield code="a">Roffinello, Venturino</subfield>
    <subfield code="3">IT\ICCU\CNCT\005463</subfield>
    <subfield code="z">Ruffinelli, Venturino</subfield>
  </datafield>
  <datafield tag="791" ind1="0" ind2="0">
    <subfield code="a">Roffinellus, Venturinus</subfield>
    <subfield code="3">IT\ICCU\CNCT\005468</subfield>
    <subfield code="z">Ruffinelli, Venturino</subfield>
  </datafield>
  <datafield tag="801" ind1=" " ind2="3">
    <subfield code="a">IT</subfield>
    <subfield code="b">ICCU</subfield>
    <subfield code="c">20201113</subfield>
  </datafield>
  <datafield tag="899" ind1=" " ind2=" ">
    <subfield code="a">Biblioteca nazionale Sagarriga Visconti-Volpi. Bari</subfield>
    <subfield code="1">BA0018</subfield>
    <subfield code="2">BA1 BA</subfield>
  </datafield>
  <datafield tag="899" ind1=" " ind2=" ">
    <subfield code="a">Biblioteca universitaria. Bologna</subfield>
    <subfield code="1">BO0098</subfield>
    <subfield code="2">UBO BU</subfield>
  </datafield>
  <datafield tag="899" ind1=" " ind2=" ">
    <subfield code="a">Biblioteca comunale Malatestiana. Cesena</subfield>
    <subfield code="1">FC0011</subfield>
    <subfield code="2">RAV CS</subfield>
  </datafield>
  <datafield tag="899" ind1=" " ind2=" ">
    <subfield code="a">Biblioteca universitaria. Genova</subfield>
    <subfield code="1">GE0038</subfield>
    <subfield code="2">LIG 01</subfield>
  </datafield>
  <datafield tag="899" ind1=" " ind2=" ">
    <subfield code="a">Biblioteca comunale Augusta. Perugia</subfield>
    <subfield code="1">PG0109</subfield>
    <subfield code="2">UM1 01</subfield>
  </datafield>
</record>
</collection>
